<?xml version="1.0" encoding="utf-8"?>
<record xmlns="http://www.loc.gov/MARC21/slim" xmlns:xsi="http://www.w3.org/2001/XMLSchema-instance" xsi:schemaLocation="http://www.loc.gov/MARC21/slim http://www.loc.gov/standards/marcxml/schema/MARC21slim.xsd">
	<leader>     nam a22     Mi 4500</leader>
	<controlfield tag="001">129710</controlfield>
	<controlfield tag="003">NjP</controlfield>
	<controlfield tag="006">m        d        </controlfield>
	<controlfield tag="007">cr cn |||m|||a</controlfield>
	<controlfield tag="008">201207s1975    xx h    ob    001 0 ara d</controlfield>
	<datafield ind1=" " ind2=" " tag="040">
		<subfield code="a">ZYU</subfield>
		<subfield code="b">ara</subfield>
		<subfield code="e">rda</subfield>
		<subfield code="c">ZYU</subfield>
	</datafield>
	<datafield ind1="1" ind2=" " tag="100">
		<subfield code="6">880-01</subfield>
		<subfield code="a">Thaqafī, Ibrāhīm ibn Muḥammad,</subfield>
		<subfield code="d">-896 or 897.</subfield>
	</datafield>
	<datafield ind1="1" ind2="3" tag="245">
		<subfield code="6">880-02</subfield>
		<subfield code="a">al-Ghārāt /</subfield>
		<subfield code="c">Abū Isḥāq Ibrāhīm ibn Muḥammad al-Thaqafī al-Kūfī al-mutawaffī sanat 283 ; bi-taḥqīq Jalāl al-Din al-Muḥaddith.</subfield>
	</datafield>
	<datafield ind1=" " ind2=" " tag="260">
		<subfield code="6">880-03</subfield>
		<subfield code="a">[Tihrān] :</subfield>
		<subfield code="b">Anjuman-i Ās̲ār-i Millī,</subfield>
		<subfield code="c">1353- [1975]-</subfield>
	</datafield>
	<datafield ind1=" " ind2=" " tag="300">
		<subfield code="a">online resource (2 volumes) :</subfield>
		<subfield code="b">facsimiles</subfield>
	</datafield>
	<datafield ind1=" " ind2=" " tag="336">
		<subfield code="a">text</subfield>
		<subfield code="2">rdacontent</subfield>
	</datafield>
	<datafield ind1=" " ind2=" " tag="337">
		<subfield code="a">computer</subfield>
		<subfield code="2">rdamedia</subfield>
	</datafield>
	<datafield ind1=" " ind2=" " tag="338">
		<subfield code="a">online resource</subfield>
		<subfield code="2">rdacarrier</subfield>
	</datafield>
	<datafield ind1="1" ind2=" " tag="490">
		<subfield code="6">880-04</subfield>
		<subfield code="a">Silsilah-yi intishārāt-i Anjuman-i Ās̤ār-i Millī ;</subfield>
		<subfield code="v">114-115</subfield>
	</datafield>
	<datafield ind1=" " ind2=" " tag="500">
		<subfield code="a">Part of the Arabic Collections Online (ACO) project, contributed by Princeton University Libraries.</subfield>
	</datafield>
	<datafield ind1=" " ind2=" " tag="504">
		<subfield code="a">Includes bibliographical references and indexes.</subfield>
	</datafield>
	<datafield ind1=" " ind2=" " tag="533">
		<subfield code="a">Electronic reproduction.</subfield>
		<subfield code="b">New York, N.Y. :</subfield>
		<subfield code="c">New York University,</subfield>
		<subfield code="d">2020.</subfield>
		<subfield code="5">NNU</subfield>
	</datafield>
	<datafield ind1="0" ind2="0" tag="600">
		<subfield code="a">ʻAlī ibn Abī Ṭālib,</subfield>
		<subfield code="c">Caliph,</subfield>
		<subfield code="d">approximately 600-661.</subfield>
	</datafield>
	<datafield ind1="0" ind2="7" tag="600">
		<subfield code="a">ʻAlī ibn Abī Ṭālib,</subfield>
		<subfield code="c">Caliph,</subfield>
		<subfield code="d">approximately 600-661.</subfield>
		<subfield code="2">fast</subfield>
		<subfield code="0">(OCoLC)fst01804105</subfield>
	</datafield>
	<datafield ind1="1" ind2=" " tag="700">
		<subfield code="6">880-05</subfield>
		<subfield code="a">Muḥaddis̲, Jalāl al-Dīn Ḥusaynī,</subfield>
		<subfield code="e">editor.</subfield>
	</datafield>
	<datafield ind1="2" ind2=" " tag="710">
		<subfield code="a">Princeton University.</subfield>
		<subfield code="b">Library.</subfield>
	</datafield>
	<datafield ind1="0" ind2=" " tag="730">
		<subfield code="a">Arabic Collections Online.</subfield>
	</datafield>
	<datafield ind1="0" ind2="8" tag="776">
		<subfield code="i">Print version:</subfield>
		<subfield code="a">Thaqafī, Ibrāhīm ibn Muḥammad, -896 or 897.</subfield>
		<subfield code="t">al-Ghārāt</subfield>
		<subfield code="w">(NjP)129710</subfield>
	</datafield>
	<datafield ind1=" " ind2="0" tag="830">
		<subfield code="6">880-06</subfield>
		<subfield code="a">Silsilah-yi intishārāt-i Anjuman-i Ās̤ār-i Millī ;</subfield>
		<subfield code="v">114-115.</subfield>
	</datafield>
	<datafield ind1="4" ind2="0" tag="856">
		<subfield code="u">http://hdl.handle.net/2333.1/2bvq8d6j</subfield>
	</datafield>
	<datafield ind1="4" ind2="0" tag="856">
		<subfield code="u">http://hdl.handle.net/2333.1/2bvq8d6j</subfield>
	</datafield>
	<datafield ind1="1" ind2=" " tag="880">
		<subfield code="6">100-01</subfield>
		<subfield code="a">ثقفي، ابراهيم بن محمد،</subfield>
		<subfield code="d">-896 or 897.</subfield>
	</datafield>
	<datafield ind1="1" ind2="2" tag="880">
		<subfield code="6">245-02</subfield>
		<subfield code="a">الغارات /</subfield>
		<subfield code="c">ابو اسحاق ابراهيم بن محمد الثقفي الكوفي المتوفي سنة 283 ؛ بتحقيق جلال الدن المحدث.</subfield>
	</datafield>
	<datafield ind1=" " ind2=" " tag="880">
		<subfield code="6">260-03</subfield>
		<subfield code="a">[تهران] :</subfield>
		<subfield code="b">انجمن آثار ملى،</subfield>
		<subfield code="c">1353- [1975]-</subfield>
	</datafield>
	<datafield ind1="1" ind2=" " tag="880">
		<subfield code="6">490-04</subfield>
		<subfield code="a">سلسلۀ انتشارات انجمن اثار ملى ؛</subfield>
		<subfield code="v">١١٥-١١٤</subfield>
	</datafield>
	<datafield ind1="1" ind2=" " tag="880">
		<subfield code="6">700-05</subfield>
		<subfield code="a">محدث، جلال الدىن حسىنى.</subfield>
	</datafield>
	<datafield ind1=" " ind2="0" tag="880">
		<subfield code="6">830-06</subfield>
		<subfield code="a">سلسلۀ انتشارات انجمن اثار ملى ؛</subfield>
		<subfield code="v">١١٥-١١٤.</subfield>
	</datafield>
	<datafield ind1=" " ind2=" " tag="959">
		<subfield code="a">NNU</subfield>
		<subfield code="b">WEB</subfield>
		<subfield code="c">GENI</subfield>
		<subfield code="t">0</subfield>
		<subfield code="m">Electronic access</subfield>
		<subfield code="s">01</subfield>
	</datafield>
	<datafield ind1=" " ind2=" " tag="959">
		<subfield code="a">NNU</subfield>
		<subfield code="b">WEB</subfield>
		<subfield code="c">GENI</subfield>
		<subfield code="t">0</subfield>
		<subfield code="m">Electronic access</subfield>
		<subfield code="s">01</subfield>
	</datafield>
	<datafield ind1=" " ind2=" " tag="999">
		<subfield code="i">NjP_129710</subfield>
		<subfield code="o">(OCoLC)ocm39942950</subfield>
		<subfield code="s">princeton_aco003193:v. 1</subfield>
		<subfield code="s">princeton_aco003203:v. 2</subfield>
		<subfield code="e">(ERROR-MISC)</subfield>
		<subfield code="s">princeton_aco003193:v. 1</subfield>
		<subfield code="s">princeton_aco003203:v. 2</subfield>
	</datafield>
</record>
